@misc{gost:19.101-77,
    title = "ГОСТ 19.101-77 Единая система программной документации (ЕСПД). Виды программ и программных документов",
    address = {М.},
    publisher = "Стандартинформ",
    year = "2010"
}
@misc{gost:19.102-77,
    title = "ГОСТ 19.102-77 Единая система программной документации (ЕСПД). Стадии разработки",
    address = {М.},
    publisher = "Стандартинформ",
    year = "2010"
}
@misc{gost:19.103-77,
    title = "ГОСТ 19.103-77 Единая система программной документации (ЕСПД). Обозначения программ и программных документов",
    address = {М.},
    publisher = "Стандартинформ",
    year = "2010"
}
@misc{gost:19.104-78,
    title = "ГОСТ 19.104-78 Единая система программной документации (ЕСПД). Основные надписи",
    address = {М.},
    publisher = "Стандартинформ",
    year = "2010"
}
@misc{gost:19.105-78,
    title = "ГОСТ 19.105-78 Единая система программной документации (ЕСПД). Общие требования к программным документам",
    address = {М.},
    publisher = "Стандартинформ",
    year = "2010"
}
@misc{gost:19.106-78,
    title = "ГОСТ 19.106-78 Единая система программной документации (ЕСПД). Требования к программным документам, выполненным печатным способом",
    address = {М.},
    publisher = "Стандартинформ",
    year = "2010"
}
@misc{gost:19.201-78,
    title = "ГОСТ 19.201-78 Единая система программной документации (ЕСПД). Техническое задание. Требования к содержанию и оформлению",
    address = {М.},
    publisher = "Стандартинформ",
    year = "2010"
}
@misc{gost:19.301-79,
    title = "ГОСТ 19.301-79 Единая система программной документации (ЕСПД). Программа и методика испытаний. Требования к содержанию и оформлению",
    address = {М.},
    publisher = "Стандартинформ",
    year = "2010"
}
@misc{gost:19.603-78,
    title = "ГОСТ 19.603-78 Единая система программной документации (ЕСПД). Общие правила внесения изменений",
    address = {М.},
    publisher = "Стандартинформ",
    year = "2010"
}
@misc{gost:19.604-78,
    title = "ГОСТ 19.604-78 Единая система программной документации (ЕСПД). Правила внесения изменений в программные документы, выполненные печатным способом",
    address = {М.},
    publisher = "Стандартинформ",
    year = "2010"
}
@misc{law:personaldata,
	title = "Федеральный закон от 27.07.2006 N 152-ФЗ (ред. от 02.07.2021) «О персональных данных»",
	year = "2021"
}
@misc{flutter,
	author = "Google",
	title = "Flutter --- open-source UI software development kit",
	year = "2021",
	url = "https://flutter.dev/",
	urldate = "2021-12-03"
}
@online{Electron,
	author = "{OpenJS Foundation}",
	title = "Electron --- open-source software framework ",
	url = "https://www.electronjs.org/",
	urldate = "2021-12-03"
}
@online{adapty,
	author = "Adapty",
	title = "Adapty --- Mobile In-App Purchases",
	url = "https://adapty.io/",
	urldate = "2021-12-03"
}
@online{YooMoney,
	author = "Сбербанк",
	title = "ЮMoney --- сервис электронных платежей",
	url = "https://yoomoney.ru/",
	urldate = "2021-12-03"
}
@online{git,
	author = "Git",
	title = "Git --- distributed version control system",
	url = "https://git-scm.com/",
	urldate = "2021-12-03"
}
@online{Dart,
	author = "Google",
	title = "Dart --- programming language designed for client development",
	url = "https://dart.dev/",
	urldate = "2021-12-03"
}
@online{golang,
	author = "Google",
	title = "Go ---  programming language designed at Google",
	url = "https://go.dev/",
	urldate = "2021-12-03"
}
@online{GoLand,
	author = "JetBrains",
	title = "GoLand --- A clever IDE to Go",
	url = "https://www.jetbrains.com/go/",
	urldate = "2021-12-05"
}
@online{WebStorm,
	author = "JetBrains",
	title = "WebStorm --- A clever IDE to Go",
	url = "https://www.jetbrains.com/go/",
	urldate = "2021-12-05"
}
@online{AndroidStudio,
	author = "Google",
	title = "Android Studio",
	url = "https://developer.android.com/studio",
	urldate = "2021-12-05"
}
@online{XCode,
	author = "Apple",
	title = "XCode",
	url = "https://developer.apple.com/xcode/",
	urldate = "2021-12-05"
}
@online{AppStore,
	author = "Apple",
	title = "App Store --- app store platform for mobile apps on iOS and iPadOS",
	url = "https://appstore.com/",
	urldate = "2021-12-03"
}
@online{GooglePlay,
	author = "Google",
	title = "Google Play --- official app store for certified devices running on the Android operating system",
	url = "https://play.google.com/",
	urldate = "2021-12-03"
}
@online{googledrive,
	author = "Google",
	title = "Google Диск --- безопасный и простой доступ к контенту",
	url = "https://www.google.com/intl/ru_ru/drive/",
	urldate = "2021-12-04"
}
@online{yandexdrive,
    author = "Яндекс",
	title = "Яндекс Диск --- синхронизация файлов между различными устройствами",
	url = "https://disk.yandex.ru/",
	urldate = "2021-12-04"
}
@online{JioSwitch,
    author = "JioCloud",
	title = "JioSwitch --- Transfer Files \& Share It",
	url = "https://play.google.com/store/apps/details?id=com.reliance.jio.jioswitch",
	urldate = "2021-12-05"
}
@online{SHAREit,
    author = "Lenovo",
	title = "SHAREit --- Content Distribution Platform",
	url = "https://shareit.ushareit.com/",
	urldate = "2021-12-05"
}
@online{ShareMe,
    author = "Xiaomi",
	title = "ShareMe: File Sharing",
	url = "https://play.google.com/store/apps/details?id=com.xiaomi.midrop",
	urldate = "2021-12-05"
}
@online{AirDrop,
  author = "Википедия",
  title = "AirDrop",
  year = "2021",
  url = "https://en.wikipedia.org/w/index.php?title=AirDrop&oldid=1056939285",
	urldate = "2021-12-05"
}
@online{Wormhole,
    author = "{Socket, Inc.}",
	title = "Wormhome --- Simple, private file sharing",
	url = "https://wormhole.app/",
	urldate = "2021-12-05"
}
@online{WeTransfer,
    author = "WeTransfer",
	title = "WeTranfser --- Send large files",
	url = "https://wetransfer.com/",
	urldate = "2021-12-05"
}
@online{wiki:ECDSA,
  author = "Википедия",
  title = "ECDSA --- Википедия{,} свободная энциклопедия",
  url = "https://ru.wikipedia.org/?curid=754869&oldid=117087049",
  urldate = "2021-11-26"
}
@online{wiki:AES,
  author = "Википедия",
  title = "AES (стандарт шифрования) --- Википедия{,} свободная энциклопедия",
  year = "2021",
  url = "https://ru.wikipedia.org/?curid=384647&oldid=112820623",
  urldate = "2021-11-26"
}
@online{wiki:TLS,
	author = "Википедия",
	title = "TLS --- Википедия{,} свободная энциклопедия",
	year = "2021",
	url = "https://ru.wikipedia.org/?curid=146036&oldid=116032580",
	urldate = "2021-12-03"
}
@online{wiki:DH,
	author = "Википедия",
	title = "Протокол Диффи — Хеллмана --- Википедия{,} свободная энциклопедия",
	year = "2021",
	url = "https://ru.wikipedia.org/?curid=382797&oldid=117948556",
	urldate = "2021-12-03"
}
@online{wiki:STUN,
	author = "Википедия",
	title = "STUN --- Википедия{,} свободная энциклопедия",
	year = "2021",
	url = "https://ru.wikipedia.org/?curid=754200&oldid=117463551",
	urldate = "2021-12-05"
}
@online{wiki:TURN,
	author = "Википедия",
	title = "Traversal Using Relay NAT --- Википедия{,} свободная энциклопедия",
	year = "2020",
	url = "https://ru.wikipedia.org/?curid=2146323&oldid=104672612",
	urldate = "2021-12-05"
}
@online{wiki:WebRTC,
	author = "Википедия",
	title = "WebRTC --- Википедия{,} свободная энциклопедия",
	year = "2021",
	url = "https://ru.wikipedia.org/?curid=3320124&oldid=117819835",
	urldate = "2021-12-05"
}
@online{Google-OAuth2,
    author = "Google",
	title = "Google OAuth2 для доступа к API Google и идентификации пользователя сп помощью учетной записи Google",
	url = "https://developers.google.com/identity/protocols/oauth2",
	urldate = "2021-12-09"
}
@online{Sign-in-with-Apple,
    author = "Apple",
	title = "Быстрый и простой способ входа через учетную запись Apple в приложения и веб-сайты.",
	url = "https://developer.apple.com/sign-in-with-apple/",
	urldate = "2019-06-03"
}
@online{ESR,
    author = "Mozilla",
	title = "Mozilla Firefox ESR – версия браузера с расширенным сроком поддержки, предназначенная для использования в организациях. Обслуживание каждой сборки ESR ограничено исправлением уязвимостей безопасности с высокой степенью риска.",
	url = "https://developer.apple.com/sign-in-with-apple/",
	urldate = "2021-12-06",
}